@inproceedings{1,
 author = {Ng, Andrew Y.},
 title = {Feature Selection, L1 vs. L2 Regularization, and Rotational Invariance},
 booktitle = {Proceedings of the Twenty-first International Conference on Machine Learning},
 series = {ICML '04},
 year = {2004},
 isbn = {1-58113-838-5},
 location = {Banff, Alberta, Canada},
 pages = {78--},
 url = {http://doi.acm.org/10.1145/1015330.1015435},
 doi = {10.1145/1015330.1015435},
 acmid = {1015435},
 publisher = {ACM},
 address = {New York, NY, USA},
} 
@ARTICLE{2,
       author = {{Devlin}, Jacob and {Chang}, Ming-Wei and {Lee}, Kenton and
         {Toutanova}, Kristina},
        title = "{BERT: Pre-training of Deep Bidirectional Transformers for Language Understanding}",
      journal = {arXiv e-prints},
     keywords = {Computer Science - Computation and Language},
         year = "2018",
        month = "Oct",
          eid = {arXiv:1810.04805},
        pages = {arXiv:1810.04805},
archivePrefix = {arXiv},
       eprint = {1810.04805},
 primaryClass = {cs.CL},
       adsurl = {https://ui.adsabs.harvard.edu/abs/2018arXiv181004805D},
      adsnote = {Provided by the SAO/NASA Astrophysics Data System}
}

@article{3,
  added-at = {2013-10-23T23:02:12.000+0200},
  author = {Mikolov, Tomas and Chen, Kai and Corrado, Greg and Dean, Jeffrey},
  biburl = {https://www.bibsonomy.org/bibtex/29665b85e8756834ac29fcbd2c6ad0837/wool},
  ee = {http://arxiv.org/abs/1301.3781},
  interhash = {e92df552b17e9f952226a893b84ad739},
  intrahash = {9665b85e8756834ac29fcbd2c6ad0837},
  journal = {CoRR},
  keywords = {nlp},
  timestamp = {2013-10-23T23:02:12.000+0200},
  title = {Efficient Estimation of Word Representations in Vector Space},
  url = {http://dblp.uni-trier.de/db/journals/corr/corr1301.html#abs-1301-3781},
  volume = {abs/1301.3781},
  year = 2013
}

@inproceedings{4,
    title = "{G}love: Global Vectors for Word Representation",
    author = "Pennington, Jeffrey  and
      Socher, Richard  and
      Manning, Christopher",
    booktitle = "Proceedings of the 2014 Conference on Empirical Methods in Natural Language Processing ({EMNLP})",
    month = oct,
    year = "2014",
    address = "Doha, Qatar",
    publisher = "Association for Computational Linguistics",
    url = "https://www.aclweb.org/anthology/D14-1162",
    doi = "10.3115/v1/D14-1162",
    pages = "1532--1543",
}

@article{5,
  author    = {Kevin W. Bowyer and
               Nitesh V. Chawla and
               Lawrence O. Hall and
               W. Philip Kegelmeyer},
  title     = {{SMOTE:} Synthetic Minority Over-sampling Technique},
  journal   = {CoRR},
  volume    = {abs/1106.1813},
  year      = {2011},
  url       = {http://arxiv.org/abs/1106.1813},
  archivePrefix = {arXiv},
  eprint    = {1106.1813},
  timestamp = {Mon, 13 Aug 2018 16:46:59 +0200},
  biburl    = {https://dblp.org/rec/bib/journals/corr/abs-1106-1813},
  bibsource = {dblp computer science bibliography, https://dblp.org}
}


